@misc{Mortenstatphys2019,
author = {Hjorth-jensen, Morten},
file = {https://compphysics.github.io/ComputationalPhysics/doc/pub/statphys/pdf/statphys-print.pdf},
mendeley-groups = {FYS3150 Project-4},
pages = {1--9},
title = {{Computational Physics Lectures:
Statistical physics and the Ising Model}},
year = {2019}
}
